%YAML 1.1
%TAG !u! tag:unity3d.com,2011:
--- !u!1 &692620473
GameObject:
  m_ObjectHideFlags: 0
  m_CorrespondingSourceObject: {fileID: 0}
  m_PrefabInstance: {fileID: 0}
  m_PrefabAsset: {fileID: 0}
  serializedVersion: 6
  m_Component:
  - component: {fileID: 692620474}
  m_Layer: 0
  m_Name: ball pivot
  m_TagString: Untagged
  m_Icon: {fileID: 0}
  m_NavMeshLayer: 0
  m_StaticEditorFlags: 0
  m_IsActive: 1
--- !u!4 &692620474
Transform:
  m_ObjectHideFlags: 0
  m_CorrespondingSourceObject: {fileID: 0}
  m_PrefabInstance: {fileID: 0}
  m_PrefabAsset: {fileID: 0}
  m_GameObject: {fileID: 692620473}
  m_LocalRotation: {x: -0, y: -0, z: -0, w: 1}
  m_LocalPosition: {x: 0, y: 0, z: 0.116}
  m_LocalScale: {x: 0.5829789, y: 0.5829789, z: 0.5829789}
  m_Children: []
  m_Father: {fileID: 2528483491148993271}
  m_RootOrder: 17
  m_LocalEulerAnglesHint: {x: 0, y: 0, z: 0}
--- !u!54 &2025418114
Rigidbody:
  m_ObjectHideFlags: 0
  m_CorrespondingSourceObject: {fileID: 0}
  m_PrefabInstance: {fileID: 0}
  m_PrefabAsset: {fileID: 0}
  m_GameObject: {fileID: 2908528188333246541}
  serializedVersion: 2
  m_Mass: 1
  m_Drag: 0
  m_AngularDrag: 0.05
  m_UseGravity: 1
  m_IsKinematic: 0
  m_Interpolate: 0
  m_Constraints: 112
  m_CollisionDetection: 0
--- !u!136 &7795875394924686002
CapsuleCollider:
  m_ObjectHideFlags: 0
  m_CorrespondingSourceObject: {fileID: 0}
  m_PrefabInstance: {fileID: 0}
  m_PrefabAsset: {fileID: 0}
  m_GameObject: {fileID: 2908528188333246541}
  m_Material: {fileID: 0}
  m_IsTrigger: 0
  m_Enabled: 1
  m_Radius: 0.05
  m_Height: 0.3
  m_Direction: 1
  m_Center: {x: -0.01, y: 0.15, z: 0.02}
--- !u!95 &2025418110
Animator:
  serializedVersion: 3
  m_ObjectHideFlags: 0
  m_CorrespondingSourceObject: {fileID: 0}
  m_PrefabInstance: {fileID: 0}
  m_PrefabAsset: {fileID: 0}
  m_GameObject: {fileID: 2908528188333246541}
  m_Enabled: 1
  m_Avatar: {fileID: 0}
  m_Controller: {fileID: 9100000, guid: d3df7b21cda66bc4aa3163858914e484, type: 2}
  m_CullingMode: 0
  m_UpdateMode: 0
  m_ApplyRootMotion: 0
  m_LinearVelocityBlending: 0
  m_WarningMessage: 
  m_HasTransformHierarchy: 1
  m_AllowConstantClipSamplingOptimization: 1
  m_KeepAnimatorControllerStateOnDisable: 0
--- !u!114 &2025418112
MonoBehaviour:
  m_ObjectHideFlags: 0
  m_CorrespondingSourceObject: {fileID: 0}
  m_PrefabInstance: {fileID: 0}
  m_PrefabAsset: {fileID: 0}
  m_GameObject: {fileID: 2908528188333246541}
  m_Enabled: 1
  m_EditorHideFlags: 0
  m_Script: {fileID: 11500000, guid: 4f14405be5bf1402a90190698d5ace92, type: 3}
  m_Name: 
  m_EditorClassIdentifier: 
  idleController: {fileID: 9100000, guid: 5e96ba6103139124583366104677ebdc, type: 2}
  runController: {fileID: 9100000, guid: d3df7b21cda66bc4aa3163858914e484, type: 2}
  kickController: {fileID: 9100000, guid: 22e8dfc749082134c8a832adb6af8e38, type: 2}
--- !u!114 &2025418113
MonoBehaviour:
  m_ObjectHideFlags: 0
  m_CorrespondingSourceObject: {fileID: 0}
  m_PrefabInstance: {fileID: 0}
  m_PrefabAsset: {fileID: 0}
  m_GameObject: {fileID: 2908528188333246541}
  m_Enabled: 1
  m_EditorHideFlags: 0
  m_Script: {fileID: 11500000, guid: 2bcdc38dbe0a648c7bc89eda82d36364, type: 3}
  m_Name: 
  m_EditorClassIdentifier: 
  ball: {fileID: 0}
  rigidbody: {fileID: 2025418114}
  animatorControl: {fileID: 2025418112}
  magnitudeCurve:
    serializedVersion: 2
    m_Curve:
    - serializedVersion: 3
      time: 0
      value: 0.1
      inSlope: 0
      outSlope: 0
      tangentMode: 0
      weightedMode: 0
      inWeight: 0
      outWeight: 0
    - serializedVersion: 3
      time: 1
      value: 1
      inSlope: 2
      outSlope: 2
      tangentMode: 0
      weightedMode: 0
      inWeight: 0
      outWeight: 0
    m_PreInfinity: 2
    m_PostInfinity: 2
    m_RotationOrder: 4
  maxKickMagnitude: 10
  kickMagnitude: 0.1
  runSpeed: 6
  kickDelay: 1.766667
  _renderers:
  - {fileID: 4577521154527078265}
  - {fileID: 7722577941298240322}
  - {fileID: 9062248334190271845}
  - {fileID: 8872900957581183579}
  - {fileID: 6788764769348656935}
  hasControl: 0
--- !u!1001 &2638057337064879388
PrefabInstance:
  m_ObjectHideFlags: 0
  serializedVersion: 2
  m_Modification:
    m_TransformParent: {fileID: 0}
    m_Modifications:
    - target: {fileID: -9000901622564724081, guid: 36f944b2e0536f04692ade33f8cdc94c,
        type: 3}
      propertyPath: m_LocalEulerAnglesHint.x
      value: 0.038293343
      objectReference: {fileID: 0}
    - target: {fileID: -9000901622564724081, guid: 36f944b2e0536f04692ade33f8cdc94c,
        type: 3}
      propertyPath: m_LocalEulerAnglesHint.y
      value: 37.704205
      objectReference: {fileID: 0}
    - target: {fileID: -9000901622564724081, guid: 36f944b2e0536f04692ade33f8cdc94c,
        type: 3}
      propertyPath: m_LocalEulerAnglesHint.z
      value: -2.1312037
      objectReference: {fileID: 0}
    - target: {fileID: -8953996691602738625, guid: 36f944b2e0536f04692ade33f8cdc94c,
        type: 3}
      propertyPath: m_LocalEulerAnglesHint.x
      value: 38.380363
      objectReference: {fileID: 0}
    - target: {fileID: -8953996691602738625, guid: 36f944b2e0536f04692ade33f8cdc94c,
        type: 3}
      propertyPath: m_LocalEulerAnglesHint.y
      value: 55.838066
      objectReference: {fileID: 0}
    - target: {fileID: -8953996691602738625, guid: 36f944b2e0536f04692ade33f8cdc94c,
        type: 3}
      propertyPath: m_LocalEulerAnglesHint.z
      value: 23.000153
      objectReference: {fileID: 0}
    - target: {fileID: -8793689018440903763, guid: 36f944b2e0536f04692ade33f8cdc94c,
        type: 3}
      propertyPath: m_LocalEulerAnglesHint.x
      value: 43.01791
      objectReference: {fileID: 0}
    - target: {fileID: -8793689018440903763, guid: 36f944b2e0536f04692ade33f8cdc94c,
        type: 3}
      propertyPath: m_LocalEulerAnglesHint.y
      value: 7.832967
      objectReference: {fileID: 0}
    - target: {fileID: -8793689018440903763, guid: 36f944b2e0536f04692ade33f8cdc94c,
        type: 3}
      propertyPath: m_LocalEulerAnglesHint.z
      value: -74.58025
      objectReference: {fileID: 0}
    - target: {fileID: -8679921383154817045, guid: 36f944b2e0536f04692ade33f8cdc94c,
        type: 3}
      propertyPath: m_LocalPosition.x
      value: 0
      objectReference: {fileID: 0}
    - target: {fileID: -8679921383154817045, guid: 36f944b2e0536f04692ade33f8cdc94c,
        type: 3}
      propertyPath: m_LocalPosition.y
      value: 0
      objectReference: {fileID: 0}
    - target: {fileID: -8679921383154817045, guid: 36f944b2e0536f04692ade33f8cdc94c,
        type: 3}
      propertyPath: m_LocalPosition.z
      value: -1.67
      objectReference: {fileID: 0}
    - target: {fileID: -8679921383154817045, guid: 36f944b2e0536f04692ade33f8cdc94c,
        type: 3}
      propertyPath: m_LocalRotation.x
      value: -0
      objectReference: {fileID: 0}
    - target: {fileID: -8679921383154817045, guid: 36f944b2e0536f04692ade33f8cdc94c,
        type: 3}
      propertyPath: m_LocalRotation.y
      value: -0
      objectReference: {fileID: 0}
    - target: {fileID: -8679921383154817045, guid: 36f944b2e0536f04692ade33f8cdc94c,
        type: 3}
      propertyPath: m_LocalRotation.z
      value: -0
      objectReference: {fileID: 0}
    - target: {fileID: -8679921383154817045, guid: 36f944b2e0536f04692ade33f8cdc94c,
        type: 3}
      propertyPath: m_LocalRotation.w
      value: 1
      objectReference: {fileID: 0}
    - target: {fileID: -8679921383154817045, guid: 36f944b2e0536f04692ade33f8cdc94c,
        type: 3}
      propertyPath: m_RootOrder
      value: 0
      objectReference: {fileID: 0}
    - target: {fileID: -8679921383154817045, guid: 36f944b2e0536f04692ade33f8cdc94c,
        type: 3}
      propertyPath: m_LocalEulerAnglesHint.x
      value: 0
      objectReference: {fileID: 0}
    - target: {fileID: -8679921383154817045, guid: 36f944b2e0536f04692ade33f8cdc94c,
        type: 3}
      propertyPath: m_LocalEulerAnglesHint.y
      value: 0
      objectReference: {fileID: 0}
    - target: {fileID: -8679921383154817045, guid: 36f944b2e0536f04692ade33f8cdc94c,
        type: 3}
      propertyPath: m_LocalEulerAnglesHint.z
      value: 0
      objectReference: {fileID: 0}
    - target: {fileID: -8679921383154817045, guid: 36f944b2e0536f04692ade33f8cdc94c,
        type: 3}
      propertyPath: m_LocalScale.x
      value: 1.715328
      objectReference: {fileID: 0}
    - target: {fileID: -8679921383154817045, guid: 36f944b2e0536f04692ade33f8cdc94c,
        type: 3}
      propertyPath: m_LocalScale.y
      value: 1.715328
      objectReference: {fileID: 0}
    - target: {fileID: -8679921383154817045, guid: 36f944b2e0536f04692ade33f8cdc94c,
        type: 3}
      propertyPath: m_LocalScale.z
      value: 1.715328
      objectReference: {fileID: 0}
    - target: {fileID: -8221743272137161153, guid: 36f944b2e0536f04692ade33f8cdc94c,
        type: 3}
      propertyPath: m_LocalEulerAnglesHint.x
      value: 0
      objectReference: {fileID: 0}
    - target: {fileID: -8149637475750050653, guid: 36f944b2e0536f04692ade33f8cdc94c,
        type: 3}
      propertyPath: m_LocalEulerAnglesHint.x
      value: -3.599784e-17
      objectReference: {fileID: 0}
    - target: {fileID: -8149637475750050653, guid: 36f944b2e0536f04692ade33f8cdc94c,
        type: 3}
      propertyPath: m_LocalEulerAnglesHint.y
      value: -46.785645
      objectReference: {fileID: 0}
    - target: {fileID: -8149637475750050653, guid: 36f944b2e0536f04692ade33f8cdc94c,
        type: 3}
      propertyPath: m_LocalEulerAnglesHint.z
      value: -2.314219e-16
      objectReference: {fileID: 0}
    - target: {fileID: -7832656114304855612, guid: 36f944b2e0536f04692ade33f8cdc94c,
        type: 3}
      propertyPath: m_LocalEulerAnglesHint.x
      value: 28.37193
      objectReference: {fileID: 0}
    - target: {fileID: -7832656114304855612, guid: 36f944b2e0536f04692ade33f8cdc94c,
        type: 3}
      propertyPath: m_LocalEulerAnglesHint.y
      value: -4.2791524
      objectReference: {fileID: 0}
    - target: {fileID: -7832656114304855612, guid: 36f944b2e0536f04692ade33f8cdc94c,
        type: 3}
      propertyPath: m_LocalEulerAnglesHint.z
      value: 80.25177
      objectReference: {fileID: 0}
    - target: {fileID: -7249392609012236181, guid: 36f944b2e0536f04692ade33f8cdc94c,
        type: 3}
      propertyPath: m_LocalEulerAnglesHint.x
      value: -77.977715
      objectReference: {fileID: 0}
    - target: {fileID: -7249392609012236181, guid: 36f944b2e0536f04692ade33f8cdc94c,
        type: 3}
      propertyPath: m_LocalEulerAnglesHint.y
      value: 90
      objectReference: {fileID: 0}
    - target: {fileID: -7110926929037615840, guid: 36f944b2e0536f04692ade33f8cdc94c,
        type: 3}
      propertyPath: m_LocalEulerAnglesHint.x
      value: -1.1307143e-14
      objectReference: {fileID: 0}
    - target: {fileID: -7110926929037615840, guid: 36f944b2e0536f04692ade33f8cdc94c,
        type: 3}
      propertyPath: m_LocalEulerAnglesHint.y
      value: -8.2320125e-15
      objectReference: {fileID: 0}
    - target: {fileID: -7110926929037615840, guid: 36f944b2e0536f04692ade33f8cdc94c,
        type: 3}
      propertyPath: m_LocalEulerAnglesHint.z
      value: 18.981874
      objectReference: {fileID: 0}
    - target: {fileID: -7096004618820880256, guid: 36f944b2e0536f04692ade33f8cdc94c,
        type: 3}
      propertyPath: m_LocalEulerAnglesHint.x
      value: -70.89962
      objectReference: {fileID: 0}
    - target: {fileID: -7096004618820880256, guid: 36f944b2e0536f04692ade33f8cdc94c,
        type: 3}
      propertyPath: m_LocalEulerAnglesHint.y
      value: -1.2224579
      objectReference: {fileID: 0}
    - target: {fileID: -7096004618820880256, guid: 36f944b2e0536f04692ade33f8cdc94c,
        type: 3}
      propertyPath: m_LocalEulerAnglesHint.z
      value: 93.25959
      objectReference: {fileID: 0}
    - target: {fileID: -6930683212385257578, guid: 36f944b2e0536f04692ade33f8cdc94c,
        type: 3}
      propertyPath: m_LocalEulerAnglesHint.x
      value: 36.307343
      objectReference: {fileID: 0}
    - target: {fileID: -6930683212385257578, guid: 36f944b2e0536f04692ade33f8cdc94c,
        type: 3}
      propertyPath: m_LocalEulerAnglesHint.y
      value: 61.48117
      objectReference: {fileID: 0}
    - target: {fileID: -6930683212385257578, guid: 36f944b2e0536f04692ade33f8cdc94c,
        type: 3}
      propertyPath: m_LocalEulerAnglesHint.z
      value: 26.418953
      objectReference: {fileID: 0}
    - target: {fileID: -6818893243886784781, guid: 36f944b2e0536f04692ade33f8cdc94c,
        type: 3}
      propertyPath: m_LocalEulerAnglesHint.x
      value: 22.479837
      objectReference: {fileID: 0}
    - target: {fileID: -6818893243886784781, guid: 36f944b2e0536f04692ade33f8cdc94c,
        type: 3}
      propertyPath: m_LocalEulerAnglesHint.y
      value: -26.299059
      objectReference: {fileID: 0}
    - target: {fileID: -6818893243886784781, guid: 36f944b2e0536f04692ade33f8cdc94c,
        type: 3}
      propertyPath: m_LocalEulerAnglesHint.z
      value: -10.805163
      objectReference: {fileID: 0}
    - target: {fileID: -6809054697253632246, guid: 36f944b2e0536f04692ade33f8cdc94c,
        type: 3}
      propertyPath: m_LocalEulerAnglesHint.x
      value: -34.016937
      objectReference: {fileID: 0}
    - target: {fileID: -6809054697253632246, guid: 36f944b2e0536f04692ade33f8cdc94c,
        type: 3}
      propertyPath: m_LocalEulerAnglesHint.y
      value: -157.22148
      objectReference: {fileID: 0}
    - target: {fileID: -6809054697253632246, guid: 36f944b2e0536f04692ade33f8cdc94c,
        type: 3}
      propertyPath: m_LocalEulerAnglesHint.z
      value: -39.32683
      objectReference: {fileID: 0}
    - target: {fileID: -6274899030259234879, guid: 36f944b2e0536f04692ade33f8cdc94c,
        type: 3}
      propertyPath: m_LocalEulerAnglesHint.x
      value: 21.975498
      objectReference: {fileID: 0}
    - target: {fileID: -6274899030259234879, guid: 36f944b2e0536f04692ade33f8cdc94c,
        type: 3}
      propertyPath: m_LocalEulerAnglesHint.y
      value: 7.0243077
      objectReference: {fileID: 0}
    - target: {fileID: -6274899030259234879, guid: 36f944b2e0536f04692ade33f8cdc94c,
        type: 3}
      propertyPath: m_LocalEulerAnglesHint.z
      value: -43.7464
      objectReference: {fileID: 0}
    - target: {fileID: -6271629931675614295, guid: 36f944b2e0536f04692ade33f8cdc94c,
        type: 3}
      propertyPath: m_LocalEulerAnglesHint.x
      value: 68.27191
      objectReference: {fileID: 0}
    - target: {fileID: -6271629931675614295, guid: 36f944b2e0536f04692ade33f8cdc94c,
        type: 3}
      propertyPath: m_LocalEulerAnglesHint.y
      value: 147.6887
      objectReference: {fileID: 0}
    - target: {fileID: -6271629931675614295, guid: 36f944b2e0536f04692ade33f8cdc94c,
        type: 3}
      propertyPath: m_LocalEulerAnglesHint.z
      value: 153.52898
      objectReference: {fileID: 0}
    - target: {fileID: -5805363528436328151, guid: 36f944b2e0536f04692ade33f8cdc94c,
        type: 3}
      propertyPath: m_LocalEulerAnglesHint.x
      value: 68.27191
      objectReference: {fileID: 0}
    - target: {fileID: -5805363528436328151, guid: 36f944b2e0536f04692ade33f8cdc94c,
        type: 3}
      propertyPath: m_LocalEulerAnglesHint.y
      value: -147.68869
      objectReference: {fileID: 0}
    - target: {fileID: -5805363528436328151, guid: 36f944b2e0536f04692ade33f8cdc94c,
        type: 3}
      propertyPath: m_LocalEulerAnglesHint.z
      value: -153.52899
      objectReference: {fileID: 0}
    - target: {fileID: -5648580154114865062, guid: 36f944b2e0536f04692ade33f8cdc94c,
        type: 3}
      propertyPath: m_LocalEulerAnglesHint.x
      value: 7.3032327
      objectReference: {fileID: 0}
    - target: {fileID: -5648580154114865062, guid: 36f944b2e0536f04692ade33f8cdc94c,
        type: 3}
      propertyPath: m_LocalEulerAnglesHint.y
      value: -5.6140647
      objectReference: {fileID: 0}
    - target: {fileID: -5648580154114865062, guid: 36f944b2e0536f04692ade33f8cdc94c,
        type: 3}
      propertyPath: m_LocalEulerAnglesHint.z
      value: -1.007988
      objectReference: {fileID: 0}
    - target: {fileID: -5441304842986549994, guid: 36f944b2e0536f04692ade33f8cdc94c,
        type: 3}
      propertyPath: m_LocalEulerAnglesHint.x
      value: 22.479837
      objectReference: {fileID: 0}
    - target: {fileID: -5441304842986549994, guid: 36f944b2e0536f04692ade33f8cdc94c,
        type: 3}
      propertyPath: m_LocalEulerAnglesHint.y
      value: -26.299057
      objectReference: {fileID: 0}
    - target: {fileID: -5441304842986549994, guid: 36f944b2e0536f04692ade33f8cdc94c,
        type: 3}
      propertyPath: m_LocalEulerAnglesHint.z
      value: -10.805164
      objectReference: {fileID: 0}
    - target: {fileID: -5302597617681302645, guid: 36f944b2e0536f04692ade33f8cdc94c,
        type: 3}
      propertyPath: m_LocalEulerAnglesHint.x
      value: -62.92556
      objectReference: {fileID: 0}
    - target: {fileID: -5302597617681302645, guid: 36f944b2e0536f04692ade33f8cdc94c,
        type: 3}
      propertyPath: m_LocalEulerAnglesHint.y
      value: 75.91608
      objectReference: {fileID: 0}
    - target: {fileID: -5302597617681302645, guid: 36f944b2e0536f04692ade33f8cdc94c,
        type: 3}
      propertyPath: m_LocalEulerAnglesHint.z
      value: 12.724798
      objectReference: {fileID: 0}
    - target: {fileID: -5226880775222416312, guid: 36f944b2e0536f04692ade33f8cdc94c,
        type: 3}
      propertyPath: m_LocalEulerAnglesHint.x
      value: 0
      objectReference: {fileID: 0}
    - target: {fileID: -5226880775222416312, guid: 36f944b2e0536f04692ade33f8cdc94c,
        type: 3}
      propertyPath: m_LocalEulerAnglesHint.y
      value: -3.8003068
      objectReference: {fileID: 0}
    - target: {fileID: -5226880775222416312, guid: 36f944b2e0536f04692ade33f8cdc94c,
        type: 3}
      propertyPath: m_LocalEulerAnglesHint.z
      value: 0
      objectReference: {fileID: 0}
    - target: {fileID: -5145555992047940931, guid: 36f944b2e0536f04692ade33f8cdc94c,
        type: 3}
      propertyPath: m_LocalEulerAnglesHint.x
      value: 22.479837
      objectReference: {fileID: 0}
    - target: {fileID: -5145555992047940931, guid: 36f944b2e0536f04692ade33f8cdc94c,
        type: 3}
      propertyPath: m_LocalEulerAnglesHint.y
      value: -26.299057
      objectReference: {fileID: 0}
    - target: {fileID: -5145555992047940931, guid: 36f944b2e0536f04692ade33f8cdc94c,
        type: 3}
      propertyPath: m_LocalEulerAnglesHint.z
      value: -10.805164
      objectReference: {fileID: 0}
    - target: {fileID: -5004047220854790744, guid: 36f944b2e0536f04692ade33f8cdc94c,
        type: 3}
      propertyPath: m_LocalEulerAnglesHint.x
      value: 0.0003814697
      objectReference: {fileID: 0}
    - target: {fileID: -5004047220854790744, guid: 36f944b2e0536f04692ade33f8cdc94c,
        type: 3}
      propertyPath: m_LocalEulerAnglesHint.y
      value: -166.57631
      objectReference: {fileID: 0}
    - target: {fileID: -5004047220854790744, guid: 36f944b2e0536f04692ade33f8cdc94c,
        type: 3}
      propertyPath: m_LocalEulerAnglesHint.z
      value: -3.2024975e-12
      objectReference: {fileID: 0}
    - target: {fileID: -4731542994649343545, guid: 36f944b2e0536f04692ade33f8cdc94c,
        type: 3}
      propertyPath: m_LocalEulerAnglesHint.x
      value: 1.348118e-14
      objectReference: {fileID: 0}
    - target: {fileID: -4731542994649343545, guid: 36f944b2e0536f04692ade33f8cdc94c,
        type: 3}
      propertyPath: m_LocalEulerAnglesHint.y
      value: -83.24916
      objectReference: {fileID: 0}
    - target: {fileID: -4731542994649343545, guid: 36f944b2e0536f04692ade33f8cdc94c,
        type: 3}
      propertyPath: m_LocalEulerAnglesHint.z
      value: 7.4142674e-15
      objectReference: {fileID: 0}
    - target: {fileID: -4131227353500233697, guid: 36f944b2e0536f04692ade33f8cdc94c,
        type: 3}
      propertyPath: m_LocalEulerAnglesHint.x
      value: 11.152853
      objectReference: {fileID: 0}
    - target: {fileID: -4131227353500233697, guid: 36f944b2e0536f04692ade33f8cdc94c,
        type: 3}
      propertyPath: m_LocalEulerAnglesHint.y
      value: 52.868073
      objectReference: {fileID: 0}
    - target: {fileID: -4131227353500233697, guid: 36f944b2e0536f04692ade33f8cdc94c,
        type: 3}
      propertyPath: m_LocalEulerAnglesHint.z
      value: 42.118454
      objectReference: {fileID: 0}
    - target: {fileID: -3475778900440870559, guid: 36f944b2e0536f04692ade33f8cdc94c,
        type: 3}
      propertyPath: m_LocalEulerAnglesHint.x
      value: -3.2715563e-15
      objectReference: {fileID: 0}
    - target: {fileID: -3475778900440870559, guid: 36f944b2e0536f04692ade33f8cdc94c,
        type: 3}
      propertyPath: m_LocalEulerAnglesHint.y
      value: -1.3598323e-14
      objectReference: {fileID: 0}
    - target: {fileID: -3475778900440870559, guid: 36f944b2e0536f04692ade33f8cdc94c,
        type: 3}
      propertyPath: m_LocalEulerAnglesHint.z
      value: 26.075233
      objectReference: {fileID: 0}
    - target: {fileID: -3391303543762366803, guid: 36f944b2e0536f04692ade33f8cdc94c,
        type: 3}
      propertyPath: m_LocalEulerAnglesHint.x
      value: 0
      objectReference: {fileID: 0}
    - target: {fileID: -3391303543762366803, guid: 36f944b2e0536f04692ade33f8cdc94c,
        type: 3}
      propertyPath: m_LocalEulerAnglesHint.y
      value: -90
      objectReference: {fileID: 0}
    - target: {fileID: -3391303543762366803, guid: 36f944b2e0536f04692ade33f8cdc94c,
        type: 3}
      propertyPath: m_LocalEulerAnglesHint.z
      value: -137.92415
      objectReference: {fileID: 0}
    - target: {fileID: -2783275201724143495, guid: 36f944b2e0536f04692ade33f8cdc94c,
        type: 3}
      propertyPath: m_Materials.Array.data[0]
      value: 
      objectReference: {fileID: 2100000, guid: 6301b1d05a7bf4ba28c9a9c04a46ae34, type: 2}
    - target: {fileID: -1630893364158627621, guid: 36f944b2e0536f04692ade33f8cdc94c,
        type: 3}
      propertyPath: m_LocalEulerAnglesHint.x
      value: 0.0000052705127
      objectReference: {fileID: 0}
    - target: {fileID: -1630893364158627621, guid: 36f944b2e0536f04692ade33f8cdc94c,
        type: 3}
      propertyPath: m_LocalEulerAnglesHint.y
      value: 23.862278
      objectReference: {fileID: 0}
    - target: {fileID: -1630893364158627621, guid: 36f944b2e0536f04692ade33f8cdc94c,
        type: 3}
      propertyPath: m_LocalEulerAnglesHint.z
      value: -0.000004258808
      objectReference: {fileID: 0}
    - target: {fileID: -384271904746509765, guid: 36f944b2e0536f04692ade33f8cdc94c,
        type: 3}
      propertyPath: m_Materials.Array.data[0]
      value: 
      objectReference: {fileID: 2100000, guid: 6301b1d05a7bf4ba28c9a9c04a46ae34, type: 2}
    - target: {fileID: -313493470445816255, guid: 36f944b2e0536f04692ade33f8cdc94c,
        type: 3}
      propertyPath: m_LocalEulerAnglesHint.x
      value: 12.048519
      objectReference: {fileID: 0}
    - target: {fileID: -231162812234678652, guid: 36f944b2e0536f04692ade33f8cdc94c,
        type: 3}
      propertyPath: m_LocalEulerAnglesHint.x
      value: 2.3269663
      objectReference: {fileID: 0}
    - target: {fileID: -231162812234678652, guid: 36f944b2e0536f04692ade33f8cdc94c,
        type: 3}
      propertyPath: m_LocalEulerAnglesHint.y
      value: 97.48991
      objectReference: {fileID: 0}
    - target: {fileID: -231162812234678652, guid: 36f944b2e0536f04692ade33f8cdc94c,
        type: 3}
      propertyPath: m_LocalEulerAnglesHint.z
      value: -6.299491
      objectReference: {fileID: 0}
    - target: {fileID: 11813465353350210, guid: 36f944b2e0536f04692ade33f8cdc94c,
        type: 3}
      propertyPath: m_LocalEulerAnglesHint.x
      value: -9.975529
      objectReference: {fileID: 0}
    - target: {fileID: 11813465353350210, guid: 36f944b2e0536f04692ade33f8cdc94c,
        type: 3}
      propertyPath: m_LocalEulerAnglesHint.y
      value: -112.12572
      objectReference: {fileID: 0}
    - target: {fileID: 11813465353350210, guid: 36f944b2e0536f04692ade33f8cdc94c,
        type: 3}
      propertyPath: m_LocalEulerAnglesHint.z
      value: -144.90155
      objectReference: {fileID: 0}
    - target: {fileID: 71642989834952557, guid: 36f944b2e0536f04692ade33f8cdc94c,
        type: 3}
      propertyPath: m_LocalEulerAnglesHint.x
      value: 32.999012
      objectReference: {fileID: 0}
    - target: {fileID: 71642989834952557, guid: 36f944b2e0536f04692ade33f8cdc94c,
        type: 3}
      propertyPath: m_LocalEulerAnglesHint.y
      value: 79.34635
      objectReference: {fileID: 0}
    - target: {fileID: 71642989834952557, guid: 36f944b2e0536f04692ade33f8cdc94c,
        type: 3}
      propertyPath: m_LocalEulerAnglesHint.z
      value: -48.29347
      objectReference: {fileID: 0}
    - target: {fileID: 456548308412495051, guid: 36f944b2e0536f04692ade33f8cdc94c,
        type: 3}
      propertyPath: m_LocalEulerAnglesHint.x
      value: 0.0000018486971
      objectReference: {fileID: 0}
    - target: {fileID: 456548308412495051, guid: 36f944b2e0536f04692ade33f8cdc94c,
        type: 3}
      propertyPath: m_LocalEulerAnglesHint.y
      value: 53.77205
      objectReference: {fileID: 0}
    - target: {fileID: 456548308412495051, guid: 36f944b2e0536f04692ade33f8cdc94c,
        type: 3}
      propertyPath: m_LocalEulerAnglesHint.z
      value: -0.0000013544274
      objectReference: {fileID: 0}
    - target: {fileID: 508386571188918077, guid: 36f944b2e0536f04692ade33f8cdc94c,
        type: 3}
      propertyPath: m_LocalEulerAnglesHint.x
      value: -25.593798
      objectReference: {fileID: 0}
    - target: {fileID: 508386571188918077, guid: 36f944b2e0536f04692ade33f8cdc94c,
        type: 3}
      propertyPath: m_LocalEulerAnglesHint.y
      value: 0
      objectReference: {fileID: 0}
    - target: {fileID: 508386571188918077, guid: 36f944b2e0536f04692ade33f8cdc94c,
        type: 3}
      propertyPath: m_LocalEulerAnglesHint.z
      value: 0
      objectReference: {fileID: 0}
    - target: {fileID: 919132149155446097, guid: 36f944b2e0536f04692ade33f8cdc94c,
        type: 3}
      propertyPath: m_Name
      value: player Variant
      objectReference: {fileID: 0}
    - target: {fileID: 937959875839733948, guid: 36f944b2e0536f04692ade33f8cdc94c,
        type: 3}
      propertyPath: m_LocalEulerAnglesHint.x
      value: 2.1366531e-14
      objectReference: {fileID: 0}
    - target: {fileID: 937959875839733948, guid: 36f944b2e0536f04692ade33f8cdc94c,
        type: 3}
      propertyPath: m_LocalEulerAnglesHint.y
      value: 53.77205
      objectReference: {fileID: 0}
    - target: {fileID: 937959875839733948, guid: 36f944b2e0536f04692ade33f8cdc94c,
        type: 3}
      propertyPath: m_LocalEulerAnglesHint.z
      value: 0
      objectReference: {fileID: 0}
    - target: {fileID: 1298549415713355689, guid: 36f944b2e0536f04692ade33f8cdc94c,
        type: 3}
      propertyPath: m_LocalEulerAnglesHint.x
      value: 22.479837
      objectReference: {fileID: 0}
    - target: {fileID: 1298549415713355689, guid: 36f944b2e0536f04692ade33f8cdc94c,
        type: 3}
      propertyPath: m_LocalEulerAnglesHint.y
      value: -26.299057
      objectReference: {fileID: 0}
    - target: {fileID: 1298549415713355689, guid: 36f944b2e0536f04692ade33f8cdc94c,
        type: 3}
      propertyPath: m_LocalEulerAnglesHint.z
      value: -10.805164
      objectReference: {fileID: 0}
    - target: {fileID: 1506393881594488195, guid: 36f944b2e0536f04692ade33f8cdc94c,
        type: 3}
      propertyPath: m_LocalEulerAnglesHint.x
      value: 2.187586e-15
      objectReference: {fileID: 0}
    - target: {fileID: 1506393881594488195, guid: 36f944b2e0536f04692ade33f8cdc94c,
        type: 3}
      propertyPath: m_LocalEulerAnglesHint.y
      value: -1.2316998e-14
      objectReference: {fileID: 0}
    - target: {fileID: 1506393881594488195, guid: 36f944b2e0536f04692ade33f8cdc94c,
        type: 3}
      propertyPath: m_LocalEulerAnglesHint.z
      value: 20.14223
      objectReference: {fileID: 0}
    - target: {fileID: 1953115381768999525, guid: 36f944b2e0536f04692ade33f8cdc94c,
        type: 3}
      propertyPath: m_Materials.Array.data[0]
      value: 
      objectReference: {fileID: 2100000, guid: 6301b1d05a7bf4ba28c9a9c04a46ae34, type: 2}
    - target: {fileID: 2063409062792500719, guid: 36f944b2e0536f04692ade33f8cdc94c,
        type: 3}
      propertyPath: m_LocalEulerAnglesHint.y
      value: 1.1550002
      objectReference: {fileID: 0}
    - target: {fileID: 3106604981310871576, guid: 36f944b2e0536f04692ade33f8cdc94c,
        type: 3}
      propertyPath: m_LocalEulerAnglesHint.x
      value: 22.479837
      objectReference: {fileID: 0}
    - target: {fileID: 3106604981310871576, guid: 36f944b2e0536f04692ade33f8cdc94c,
        type: 3}
      propertyPath: m_LocalEulerAnglesHint.y
      value: -26.299057
      objectReference: {fileID: 0}
    - target: {fileID: 3106604981310871576, guid: 36f944b2e0536f04692ade33f8cdc94c,
        type: 3}
      propertyPath: m_LocalEulerAnglesHint.z
      value: -10.805164
      objectReference: {fileID: 0}
    - target: {fileID: 3637250131944439878, guid: 36f944b2e0536f04692ade33f8cdc94c,
        type: 3}
      propertyPath: m_LocalEulerAnglesHint.y
      value: -90
      objectReference: {fileID: 0}
    - target: {fileID: 3637250131944439878, guid: 36f944b2e0536f04692ade33f8cdc94c,
        type: 3}
      propertyPath: m_LocalEulerAnglesHint.z
      value: -90
      objectReference: {fileID: 0}
    - target: {fileID: 3980325813912380141, guid: 36f944b2e0536f04692ade33f8cdc94c,
        type: 3}
      propertyPath: m_LocalEulerAnglesHint.x
      value: -0.0000046475207
      objectReference: {fileID: 0}
    - target: {fileID: 3980325813912380141, guid: 36f944b2e0536f04692ade33f8cdc94c,
        type: 3}
      propertyPath: m_LocalEulerAnglesHint.y
      value: 0.000013227682
      objectReference: {fileID: 0}
    - target: {fileID: 3980325813912380141, guid: 36f944b2e0536f04692ade33f8cdc94c,
        type: 3}
      propertyPath: m_LocalEulerAnglesHint.z
      value: 0.000006073503
      objectReference: {fileID: 0}
    - target: {fileID: 4330493760265615562, guid: 36f944b2e0536f04692ade33f8cdc94c,
        type: 3}
      propertyPath: m_LocalEulerAnglesHint.x
      value: 0.0003814697
      objectReference: {fileID: 0}
    - target: {fileID: 4330493760265615562, guid: 36f944b2e0536f04692ade33f8cdc94c,
        type: 3}
      propertyPath: m_LocalEulerAnglesHint.y
      value: -166.57631
      objectReference: {fileID: 0}
    - target: {fileID: 4330493760265615562, guid: 36f944b2e0536f04692ade33f8cdc94c,
        type: 3}
      propertyPath: m_LocalEulerAnglesHint.z
      value: -3.2024975e-12
      objectReference: {fileID: 0}
    - target: {fileID: 4768089789752029587, guid: 36f944b2e0536f04692ade33f8cdc94c,
        type: 3}
      propertyPath: m_LocalEulerAnglesHint.x
      value: 1.2266861
      objectReference: {fileID: 0}
    - target: {fileID: 4768089789752029587, guid: 36f944b2e0536f04692ade33f8cdc94c,
        type: 3}
      propertyPath: m_LocalEulerAnglesHint.y
      value: 39.597607
      objectReference: {fileID: 0}
    - target: {fileID: 4768089789752029587, guid: 36f944b2e0536f04692ade33f8cdc94c,
        type: 3}
      propertyPath: m_LocalEulerAnglesHint.z
      value: -6.797348
      objectReference: {fileID: 0}
    - target: {fileID: 5179778907093081008, guid: 36f944b2e0536f04692ade33f8cdc94c,
        type: 3}
      propertyPath: m_LocalEulerAnglesHint.x
      value: -29.241934
      objectReference: {fileID: 0}
    - target: {fileID: 5179778907093081008, guid: 36f944b2e0536f04692ade33f8cdc94c,
        type: 3}
      propertyPath: m_LocalEulerAnglesHint.y
      value: -104.4262
      objectReference: {fileID: 0}
    - target: {fileID: 5179778907093081008, guid: 36f944b2e0536f04692ade33f8cdc94c,
        type: 3}
      propertyPath: m_LocalEulerAnglesHint.z
      value: 50.24656
      objectReference: {fileID: 0}
    - target: {fileID: 5742186915252416094, guid: 36f944b2e0536f04692ade33f8cdc94c,
        type: 3}
      propertyPath: m_Materials.Array.data[0]
      value: 
      objectReference: {fileID: 2100000, guid: 6301b1d05a7bf4ba28c9a9c04a46ae34, type: 2}
    - target: {fileID: 5751212276616363202, guid: 36f944b2e0536f04692ade33f8cdc94c,
        type: 3}
      propertyPath: m_LocalEulerAnglesHint.x
      value: -1.20924465e-14
      objectReference: {fileID: 0}
    - target: {fileID: 5751212276616363202, guid: 36f944b2e0536f04692ade33f8cdc94c,
        type: 3}
      propertyPath: m_LocalEulerAnglesHint.y
      value: -9.914366e-15
      objectReference: {fileID: 0}
    - target: {fileID: 5751212276616363202, guid: 36f944b2e0536f04692ade33f8cdc94c,
        type: 3}
      propertyPath: m_LocalEulerAnglesHint.z
      value: 4.955547
      objectReference: {fileID: 0}
    - target: {fileID: 5824133679763300004, guid: 36f944b2e0536f04692ade33f8cdc94c,
        type: 3}
      propertyPath: m_LocalEulerAnglesHint.x
      value: 7.0386104e-15
      objectReference: {fileID: 0}
    - target: {fileID: 5824133679763300004, guid: 36f944b2e0536f04692ade33f8cdc94c,
        type: 3}
      propertyPath: m_LocalEulerAnglesHint.y
      value: 178.84494
      objectReference: {fileID: 0}
    - target: {fileID: 5824133679763300004, guid: 36f944b2e0536f04692ade33f8cdc94c,
        type: 3}
      propertyPath: m_LocalEulerAnglesHint.z
      value: 6.8981266e-15
      objectReference: {fileID: 0}
    - target: {fileID: 6767576071284450328, guid: 36f944b2e0536f04692ade33f8cdc94c,
        type: 3}
      propertyPath: m_LocalEulerAnglesHint.x
      value: 0
      objectReference: {fileID: 0}
    - target: {fileID: 6767576071284450328, guid: 36f944b2e0536f04692ade33f8cdc94c,
        type: 3}
      propertyPath: m_LocalEulerAnglesHint.y
      value: 0
      objectReference: {fileID: 0}
    - target: {fileID: 6767576071284450328, guid: 36f944b2e0536f04692ade33f8cdc94c,
        type: 3}
      propertyPath: m_LocalEulerAnglesHint.z
      value: 0
      objectReference: {fileID: 0}
    - target: {fileID: 6899131186514558791, guid: 36f944b2e0536f04692ade33f8cdc94c,
        type: 3}
      propertyPath: m_Materials.Array.data[0]
      value: 
      objectReference: {fileID: 2100000, guid: 6301b1d05a7bf4ba28c9a9c04a46ae34, type: 2}
    - target: {fileID: 6961543397283969629, guid: 36f944b2e0536f04692ade33f8cdc94c,
        type: 3}
      propertyPath: m_LocalEulerAnglesHint.x
      value: 4.4188643
      objectReference: {fileID: 0}
    - target: {fileID: 6961543397283969629, guid: 36f944b2e0536f04692ade33f8cdc94c,
        type: 3}
      propertyPath: m_LocalEulerAnglesHint.y
      value: 3.4091506
      objectReference: {fileID: 0}
    - target: {fileID: 6961543397283969629, guid: 36f944b2e0536f04692ade33f8cdc94c,
        type: 3}
      propertyPath: m_LocalEulerAnglesHint.z
      value: 18.407158
      objectReference: {fileID: 0}
    - target: {fileID: 7135589408023927557, guid: 36f944b2e0536f04692ade33f8cdc94c,
        type: 3}
      propertyPath: m_LocalEulerAnglesHint.x
      value: 1.1579045e-23
      objectReference: {fileID: 0}
    - target: {fileID: 7135589408023927557, guid: 36f944b2e0536f04692ade33f8cdc94c,
        type: 3}
      propertyPath: m_LocalEulerAnglesHint.y
      value: 9.726407e-22
      objectReference: {fileID: 0}
    - target: {fileID: 7135589408023927557, guid: 36f944b2e0536f04692ade33f8cdc94c,
        type: 3}
      propertyPath: m_LocalEulerAnglesHint.z
      value: 3.620264e-22
      objectReference: {fileID: 0}
    - target: {fileID: 7253591647452166531, guid: 36f944b2e0536f04692ade33f8cdc94c,
        type: 3}
      propertyPath: m_LocalEulerAnglesHint.x
      value: 22.479837
      objectReference: {fileID: 0}
    - target: {fileID: 7253591647452166531, guid: 36f944b2e0536f04692ade33f8cdc94c,
        type: 3}
      propertyPath: m_LocalEulerAnglesHint.y
      value: -26.299057
      objectReference: {fileID: 0}
    - target: {fileID: 7253591647452166531, guid: 36f944b2e0536f04692ade33f8cdc94c,
        type: 3}
      propertyPath: m_LocalEulerAnglesHint.z
      value: -10.805164
      objectReference: {fileID: 0}
    - target: {fileID: 8702850459765870854, guid: 36f944b2e0536f04692ade33f8cdc94c,
        type: 3}
      propertyPath: m_LocalEulerAnglesHint.y
      value: -90
      objectReference: {fileID: 0}
    - target: {fileID: 8702850459765870854, guid: 36f944b2e0536f04692ade33f8cdc94c,
        type: 3}
      propertyPath: m_LocalEulerAnglesHint.z
      value: -90
      objectReference: {fileID: 0}
    - target: {fileID: 8851617211206060761, guid: 36f944b2e0536f04692ade33f8cdc94c,
        type: 3}
      propertyPath: m_LocalEulerAnglesHint.x
      value: -25.593788
      objectReference: {fileID: 0}
    - target: {fileID: 8851617211206060761, guid: 36f944b2e0536f04692ade33f8cdc94c,
        type: 3}
      propertyPath: m_LocalEulerAnglesHint.y
      value: 0
      objectReference: {fileID: 0}
    - target: {fileID: 8851617211206060761, guid: 36f944b2e0536f04692ade33f8cdc94c,
        type: 3}
      propertyPath: m_LocalEulerAnglesHint.z
      value: 0
      objectReference: {fileID: 0}
    - target: {fileID: 8860575143416315440, guid: 36f944b2e0536f04692ade33f8cdc94c,
        type: 3}
      propertyPath: m_LocalEulerAnglesHint.x
      value: 0
      objectReference: {fileID: 0}
    - target: {fileID: 8860575143416315440, guid: 36f944b2e0536f04692ade33f8cdc94c,
        type: 3}
      propertyPath: m_LocalEulerAnglesHint.y
      value: 3.8004484
      objectReference: {fileID: 0}
    - target: {fileID: 8860575143416315440, guid: 36f944b2e0536f04692ade33f8cdc94c,
        type: 3}
      propertyPath: m_LocalEulerAnglesHint.z
      value: 0
      objectReference: {fileID: 0}
    m_RemovedComponents: []
  m_SourcePrefab: {fileID: 100100000, guid: 36f944b2e0536f04692ade33f8cdc94c, type: 3}
--- !u!1 &2908528188333246541 stripped
GameObject:
  m_CorrespondingSourceObject: {fileID: 919132149155446097, guid: 36f944b2e0536f04692ade33f8cdc94c,
    type: 3}
  m_PrefabInstance: {fileID: 2638057337064879388}
  m_PrefabAsset: {fileID: 0}
--- !u!4 &2528483491148993271 stripped
Transform:
  m_CorrespondingSourceObject: {fileID: -8679921383154817045, guid: 36f944b2e0536f04692ade33f8cdc94c,
    type: 3}
  m_PrefabInstance: {fileID: 2638057337064879388}
  m_PrefabAsset: {fileID: 0}
--- !u!137 &4577521154527078265 stripped
SkinnedMeshRenderer:
  m_CorrespondingSourceObject: {fileID: 1953115381768999525, guid: 36f944b2e0536f04692ade33f8cdc94c,
    type: 3}
  m_PrefabInstance: {fileID: 2638057337064879388}
  m_PrefabAsset: {fileID: 0}
--- !u!137 &7722577941298240322 stripped
SkinnedMeshRenderer:
  m_CorrespondingSourceObject: {fileID: 5742186915252416094, guid: 36f944b2e0536f04692ade33f8cdc94c,
    type: 3}
  m_PrefabInstance: {fileID: 2638057337064879388}
  m_PrefabAsset: {fileID: 0}
--- !u!137 &9062248334190271845 stripped
SkinnedMeshRenderer:
  m_CorrespondingSourceObject: {fileID: -2783275201724143495, guid: 36f944b2e0536f04692ade33f8cdc94c,
    type: 3}
  m_PrefabInstance: {fileID: 2638057337064879388}
  m_PrefabAsset: {fileID: 0}
--- !u!137 &8872900957581183579 stripped
SkinnedMeshRenderer:
  m_CorrespondingSourceObject: {fileID: 6899131186514558791, guid: 36f944b2e0536f04692ade33f8cdc94c,
    type: 3}
  m_PrefabInstance: {fileID: 2638057337064879388}
  m_PrefabAsset: {fileID: 0}
--- !u!137 &6788764769348656935 stripped
SkinnedMeshRenderer:
  m_CorrespondingSourceObject: {fileID: -384271904746509765, guid: 36f944b2e0536f04692ade33f8cdc94c,
    type: 3}
  m_PrefabInstance: {fileID: 2638057337064879388}
  m_PrefabAsset: {fileID: 0}
